@article {marshall_hall_thm,
    AUTHOR = {Halpern, James D.},
     TITLE = {Bases in vector spaces and the axiom of choice},
   JOURNAL = {Proc. Amer. Math. Soc.},
  FJOURNAL = {Proceedings of the American Mathematical Society},
    VOLUME = {17},
      YEAR = {1966},
     PAGES = {670--673},
      ISSN = {0002-9939,1088-6826},
   MRCLASS = {04.00},
  MRNUMBER = {194340},
       DOI = {10.2307/2035388},
       URL = {https://doi.org/10.2307/2035388},
}
@book {taste_of_topology,
    AUTHOR = {Runde, Volker},
     TITLE = {A taste of topology},
    SERIES = {Universitext},
 PUBLISHER = {Springer, New York},
      YEAR = {2005},
     PAGES = {x+176},
      ISBN = {978-0387-25790-7; 0-387-25790-X},
   MRCLASS = {54-01 (55-01)},
  MRNUMBER = {2155623},
}
@book {amenable_banach_algebras,
    AUTHOR = {Runde, Volker},
     TITLE = {Amenable {B}anach algebras},
    SERIES = {Springer Monographs in Mathematics},
      NOTE = {A panorama},
 PUBLISHER = {Springer-Verlag, New York},
      YEAR = {[2020] \copyright 2020},
     PAGES = {xvii+462},
      ISBN = {978-1-0716-0351-2; 978-1-0716-0349-9},
   MRCLASS = {46-02 (22-02 43-02 46Hxx 46Lxx)},
  MRNUMBER = {4179584},
MRREVIEWER = {H.\ G.\ Dales},
       DOI = {10.1007/978-1-0716-0351-2},
       URL = {https://doi.org/10.1007/978-1-0716-0351-2},
}
@book {lectures_on_amenability,
    AUTHOR = {Runde, Volker},
     TITLE = {Lectures on amenability},
    SERIES = {Lecture Notes in Mathematics},
    VOLUME = {1774},
 PUBLISHER = {Springer-Verlag, Berlin},
      YEAR = {2002},
     PAGES = {xiv+296},
      ISBN = {3-540-42852-6},
   MRCLASS = {46-01 (22D05 43A07 46H20 46L05 46L57 47L10)},
  MRNUMBER = {1874893},
MRREVIEWER = {Martin\ Mathieu},
       DOI = {10.1007/b82937},
       URL = {https://doi.org/10.1007/b82937},
}
@book {rudin_functional_analysis,
    AUTHOR = {Rudin, Walter},
     TITLE = {Functional analysis},
    SERIES = {McGraw-Hill Series in Higher Mathematics},
 PUBLISHER = {McGraw-Hill Book Co., New York-D\"usseldorf-Johannesburg},
      YEAR = {1973},
     PAGES = {xiii+397},
   MRCLASS = {46-01},
  MRNUMBER = {365062},
MRREVIEWER = {F.\ Smithies},
}
