% Put all references here.

@book{ahlfors1953complex,
  author    = {Lars Ahlfors},
  title     = {Complex analysis---an introduction to the theory of analytic functions of one complex variable},
  year      = {2021},
  zbl       = {0052.07002},
  mrnumber  = {4506522}
}

@article{bambico2022generalization,
  author    = {Haley K. Bambico and Mehmet {\c{C}}elik and Sarah T. Gross and Francis Hall},
  title     = {Generalization of the excess area and its geometric interpretation},
  journal   = {Zbl},
  volume    = {28},
  year      = {2022},
  zbl       = {1503.31001},
  mrnumber  = {4474183}
}

@article{AshleyAdenCelikDanielLuke2024,
  author    = {Mehmet {\c{C}}elik and Luke Duane-Tessier and Ashley M. Rodriguez and Daniel Rodriguez and Aden Shaw},
  title     = {Area Differences under Analytic Maps and Operators},
  journal   = {Czechoslovak Math. J.},
  year      = {2024},
  status    = {accepted}
}

@book {d2019hermitian,
    AUTHOR = {D'Angelo, John P.},
     TITLE = {Hermitian analysis},
    SERIES = {Cornerstones},
   EDITION = {Second},
      NOTE = {From Fourier series to Cauchy-Riemann geometry},
 PUBLISHER = {Birkh\"auser/Springer, Cham},
      YEAR = {2019},
     PAGES = {x+229},
      ISBN = {978-3-030-16513-0; 978-3-030-16514-7},
   MRCLASS = {32-01 (32A50 32Vxx 33C45 42A38 58A10)},
  MRNUMBER = {3931729},
       DOI = {10.1007/978-3-030-16514-7},
       URL = {https://doi.org/10.1007/978-3-030-16514-7},
}

@book{Herbert-Wermer1998,
  author    = {Alexander Herbert and John Wermer},
  title     = {Several complex variables and {B}anach algebras},
  series    = {Graduate Texts in Mathematics},
  volume    = {35},
  edition   = {3},
  year      = {1998},
  pages     = {xii+253},
  mrnumber  = {1482798}
}


@book {ZhuBook2012,
    AUTHOR = {Kehe Zhu},
     TITLE = {Analysis on {F}ock spaces},
    SERIES = {Graduate Texts in Mathematics},
    VOLUME = {263},
 PUBLISHER = {Springer, New York},
      YEAR = {2012},
     PAGES = {x+344},
      ISBN = {978-1-4419-8800-3},
   MRCLASS = {30H20 (30D15 46E20 47B10 47B35)},
  MRNUMBER = {2934601},
MRREVIEWER = {Jordi\ Pau},
       DOI = {10.1007/978-1-4419-8801-0},
       URL = {https://doi.org/10.1007/978-1-4419-8801-0},
}

@article{WirthsXiao2000,
  author    = {K. J. Wirths and J. Xiao},
  title     = {An image-area inequality for some planar holomorphic maps},
  journal   = {Results in Mathematics. Resultate der Mathematik},
  volume    = {38},
  number    = {1-2},
  pages     = {172--179},
  year      = {2000},
  mrnumber  = {1774289},
  doi       = {10.1007/BF03322440},
  url       = {https://doi.org/10.1007/BF03322440}
}

@book{ZhuBook2007,
  author    = {Kehe Zhu},
  title     = {Operator theory in function spaces},
  series    = {Mathematical Surveys and Monographs},
  volume    = {138},
  edition   = {2},
  year      = {2007},
  pages     = {xvi+348}
}

@article{Zeytuncu2013,
  author    = {Yunus E. Zeytuncu},
  title     = {Sobolev regularity of weighted {B}ergman projections on the unit disc},
  journal   = {Complex Var. Elliptic Equ.},
  volume    = {58},
  number    = {3},
  pages     = {309--315},
  year      = {2013}
}

@article{HollandTwomey1978,
  author    = {F. Holland and J. B. Twomey},
  title     = {On Hardy classes and the area function},
  journal   = {J. London Math. Soc. (2)},
  volume    = {17},
  number    = {2},
  pages     = {275--283},
  year      = {1978},
  mrnumber  = {0486532},
  doi       = {10.1112/jlms/s2-17.2.275}
}

@article{LondonMcCarthy1986,
  author    = {R. R. London and P. C. McCarthy},
  title     = {On the area of the image of a bounded analytic function},
  journal   = {Bull. London Math. Soc.},
  volume    = {18},
  number    = {3},
  pages     = {277--283},
  year      = {1986},
  mrnumber  = {0829587},
  doi       = {10.1112/blms/18.3.277}
}


@book {greenekrantz2002,
    AUTHOR = {Greene, Robert E. and Krantz, Steven G.},
     TITLE = {Function theory of one complex variable},
    SERIES = {Graduate Studies in Mathematics},
    VOLUME = {40},
   EDITION = {Second},
 PUBLISHER = {American Mathematical Society, Providence, RI},
      YEAR = {2002},
     PAGES = {xx+502},
      ISBN = {0-8218-2905-X},
   MRCLASS = {30-01},
  MRNUMBER = {1871333},
       DOI = {10.1090/gsm/040},
       URL = {https://doi.org/10.1090/gsm/040},
}

@book {bell2016,
    AUTHOR = {Bell, Steven R.},
     TITLE = {The {C}auchy transform, potential theory and conformal
              mapping},
   EDITION = {Second},
 PUBLISHER = {Chapman \& Hall/CRC, Boca Raton, FL},
      YEAR = {2016},
     PAGES = {xii+209},
      ISBN = {978-1-4987-2720-4},
   MRCLASS = {30-02 (30C35 30C40 30E20 30H10 30H20)},
  MRNUMBER = {3467031},
}

@book{Steele_2004, 
place={Cambridge}, 
title={The Cauchy-Schwarz Master Class: An Introduction to the Art of Mathematical Inequalities}, 
publisher={Cambridge University Press}, 
author={Steele, J. Michael}, 
year={2004}}

@book{stein2010complex,
  title={Complex Analysis},
  author={Stein, E.M. and Shakarchi, R.},
  isbn={9781400831159},
  lccn={2005274996},
  series={Princeton lectures in analysis},
  url={https://books.google.com/books?id=0ECHh9tjPUAC},
  year={2010},
  publisher={Princeton University Press}
}

@article {ZeytuncuRavisankar2016,
    AUTHOR = {Ravisankar, Sivaguru and Zeytuncu, Yunus E.},
     TITLE = {A note on smoothing properties of the {B}ergman projection},
   JOURNAL = {Internat. J. Math.},
  FJOURNAL = {International Journal of Mathematics},
    VOLUME = {27},
      YEAR = {2016},
    NUMBER = {11},
     PAGES = {1650087, 10},
      ISSN = {0129-167X,1793-6519},
   MRCLASS = {32A25 (32A36)},
  MRNUMBER = {3570372},
MRREVIEWER = {Luke\ David\ Edholm},
       DOI = {10.1142/S0129167X16500877},
       URL = {https://doi.org/10.1142/S0129167X16500877},
}

@article {AxlerCuckovic1991,
    AUTHOR = {Axler, Sheldon and \v{C}u\v{c}kovi\'{c}, \v{Z}eljko},
     TITLE = {Commuting {T}oeplitz operators with harmonic symbols},
   JOURNAL = {Integral Equations Operator Theory},
  FJOURNAL = {Integral Equations and Operator Theory},
    VOLUME = {14},
      YEAR = {1991},
    NUMBER = {1},
     PAGES = {1--12},
      ISSN = {0378-620X,1420-8989},
   MRCLASS = {47B35},
  MRNUMBER = {1079815},
MRREVIEWER = {Karim\ Seddighi},
       DOI = {10.1007/BF01194925},
       URL = {https://doi.org/10.1007/BF01194925},
}

@article {Haslinger2002,
    AUTHOR = {Haslinger, Friedrich},
     TITLE = {The canonical solution operator to {$\overline\partial$}
              restricted to spaces of entire functions},
   JOURNAL = {Ann. Fac. Sci. Toulouse Math. (6)},
  FJOURNAL = {Annales de la Facult\'e{} des Sciences de Toulouse.
              Math\'ematiques. S\'erie 6},
    VOLUME = {11},
      YEAR = {2002},
    NUMBER = {1},
     PAGES = {57--70},
      ISSN = {0240-2963,2258-7519},
   MRCLASS = {47B32 (30C40 30D15 46E22 47B10)},
  MRNUMBER = {1986383},
MRREVIEWER = {Manfred\ W.\ Kracht},
       URL = {http://www.numdam.org/item?id=AFST_2002_6_11_1_57_0},
}

@article {SahutogluGogus2020,
    AUTHOR = {{G}\"{o}\u{g}\"{u}\c{s}, {N}ihat {G}\"{o}khan and \c{S}ahuto\u{g}lu, S\"{o}nmez},
     TITLE = {On convergence of the {B}erezin transforms},
   JOURNAL = {J. Math. Anal. Appl.},
  FJOURNAL = {Journal of Mathematical Analysis and Applications},
    VOLUME = {491},
      YEAR = {2020},
    NUMBER = {1},
     PAGES = {124295, 16},
      ISSN = {0022-247X,1096-0813},
   MRCLASS = {47B35 (30H20 46E22 47A05)},
  MRNUMBER = {4109417},
       DOI = {10.1016/j.jmaa.2020.124295},
       URL = {https://doi.org/10.1016/j.jmaa.2020.124295},
}

@article {AxlerZheng98Compactness,
    AUTHOR = {Axler, Sheldon and Zheng, Dechao},
     TITLE = {Compact operators via the {B}erezin transform},
   JOURNAL = {Indiana Univ. Math. J.},
  FJOURNAL = {Indiana University Mathematics Journal},
    VOLUME = {47},
      YEAR = {1998},
    NUMBER = {2},
     PAGES = {387--400},
      ISSN = {0022-2518,1943-5258},
   MRCLASS = {47B35 (46E22)},
  MRNUMBER = {1647896},
MRREVIEWER = {Miroslav\ Engli\v s},
       DOI = {10.1512/iumj.1998.47.1407},
       URL = {https://doi.org/10.1512/iumj.1998.47.1407},
}

@book {NikolskiBook,
    AUTHOR = {Nikolski, Nikola\"i},
     TITLE = {Toeplitz matrices and operators},
    SERIES = {Cambridge Studies in Advanced Mathematics},
    VOLUME = {182},
   EDITION = {French},
 PUBLISHER = {Cambridge University Press, Cambridge},
      YEAR = {2020},
     PAGES = {xxii+430},
      ISBN = {978-1-107-19850-0},
   MRCLASS = {47-01 (15B05 30Hxx 42C05 44A60 47A57 47B35)},
  MRNUMBER = {4319036},
MRREVIEWER = {Maria\ T.\ Nowak},
}

@book{AttalOnlineBook,
  AUTHOR       = {Stephane Attal},
  TITLE        = {Lectures in Quantum Noise Theory, Open Access Book},
  URL          = {http://math.univ-lyon1.fr/~attal/chapters.html},
}

@book {Meyer1993,
    AUTHOR = {Meyer, Paul-Andr\'e},
     TITLE = {Quantum probability for probabilists},
    SERIES = {Lecture Notes in Mathematics},
    VOLUME = {1538},
 PUBLISHER = {Springer-Verlag, Berlin},
      YEAR = {1993},
     PAGES = {x+287},
      ISBN = {3-540-56476-4},
   MRCLASS = {81S25 (46L50 46L55 46L60 46N50 60G48 81-02)},
  MRNUMBER = {1222649},
MRREVIEWER = {David\ Applebaum},
       DOI = {10.1007/978-3-662-21558-6},
       URL = {https://doi.org/10.1007/978-3-662-21558-6},
}

@article {Berezin72,
    AUTHOR = {Berezin, F. A.},
     TITLE = {Covariant and contravariant symbols of operators},
   JOURNAL = {Izv. Akad. Nauk SSSR Ser. Mat.},
  FJOURNAL = {Izvestiya Akademii Nauk SSSR. Seriya Matematicheskaya},
    VOLUME = {36},
      YEAR = {1972},
     PAGES = {1134--1167},
      ISSN = {0373-2436},
   MRCLASS = {47B99 (81.47)},
  MRNUMBER = {350504},
MRREVIEWER = {W.\ Faris},
}

@article {BustozIsmail86,
    AUTHOR = {Bustoz, Joaquin and Ismail, Mourad E. H.},
     TITLE = {On gamma function inequalities},
   JOURNAL = {Math. Comp.},
  FJOURNAL = {Mathematics of Computation},
    VOLUME = {47},
      YEAR = {1986},
    NUMBER = {176},
     PAGES = {659--667},
      ISSN = {0025-5718,1088-6842},
   MRCLASS = {33A15 (26D20)},
  MRNUMBER = {856710},
MRREVIEWER = {G.\ Gasper},
       DOI = {10.2307/2008180},
       URL = {https://doi.org/10.2307/2008180},
}

@book {Haslinger2018,
    AUTHOR = {Haslinger, Friedrich},
     TITLE = {Complex analysis},
    SERIES = {De Gruyter Graduate},
      NOTE = {A functional analytic approach},
 PUBLISHER = {De Gruyter, Berlin},
      YEAR = {2018},
     PAGES = {ix+338},
      ISBN = {978-3-11-041723-4; 978-3-11-042615-1},
   MRCLASS = {30-01 (32-01 32A36 32A70 32Wxx 35J10)},
  MRNUMBER = {3753651},
MRREVIEWER = {A.\ Bultheel},
}

@article {tricomiasymptoticexpansion,
    AUTHOR = {Tricomi, F. G. and Erd\'elyi, A.},
     TITLE = {The asymptotic expansion of a ratio of gamma functions},
   JOURNAL = {Pacific J. Math.},
  FJOURNAL = {Pacific Journal of Mathematics},
    VOLUME = {1},
      YEAR = {1951},
     PAGES = {133--142},
      ISSN = {0030-8730,1945-5844},
   MRCLASS = {33.0X},
  MRNUMBER = {43948},
MRREVIEWER = {H.\ A.\ Lauwerier},
       URL = {http://projecteuclid.org/euclid.pjm/1102613160},
}

@article {EnglisHarmonicFunctions,
    AUTHOR = {Engli\v{s}, Miroslav},
     TITLE = {Functions invariant under the {B}erezin transform},
   JOURNAL = {J. Funct. Anal.},
  FJOURNAL = {Journal of Functional Analysis},
    VOLUME = {121},
      YEAR = {1994},
    NUMBER = {1},
     PAGES = {233--254},
      ISSN = {0022-1236,1096-0783},
   MRCLASS = {31A10 (22E40 43A20 47B38)},
  MRNUMBER = {1270592},
MRREVIEWER = {Jonathan\ Arazy},
       DOI = {10.1006/jfan.1994.1048},
       URL = {https://doi.org/10.1006/jfan.1994.1048},
}

@article {AxlerZhengToeplitzOperators,
    AUTHOR = {Axler, Sheldon and Zheng, Dechao},
     TITLE = {The {B}erezin transform on the {T}oeplitz algebra},
   JOURNAL = {Studia Math.},
  FJOURNAL = {Studia Mathematica},
    VOLUME = {127},
      YEAR = {1998},
    NUMBER = {2},
     PAGES = {113--136},
      ISSN = {0039-3223,1730-6337},
   MRCLASS = {47B35 (46L99 47D25)},
  MRNUMBER = {1488147},
MRREVIEWER = {Jonathan\ Arazy},
       DOI = {10.4064/sm-127-2-113-136},
       URL = {https://doi.org/10.4064/sm-127-2-113-136},
}
