@book{lay,
  title     = "Analysis",
  author    = "Lay, Steven R",
  publisher = "Pearson",
  edition   =  4,
  month     =  nov,
  year      =  2004,
  address   = "Upper Saddle River, NJ"
}
